@article{azermelo1929,
  title={Die Berechnung der Turnier-Ergebnisse als ein Maximumproblem der Wahrscheinlichkeitsrechnung},
  author={Zermelo, Ernst},
  journal={Mathematische Zeitschrift},
  volume={29},
  number={1},
  pages={436--460},
  year={1929},
  doi={10.1007/BF01180541},
  s2cid={122877703}
} 

@article{jmlr,
  author  = {M. E. J. Newman},
  title   = {Efficient Computation of Rankings from Pairwise Comparisons},
  journal = {Journal of Machine Learning Research},
  year    = {2023},
  volume  = {24},
  number  = {238},
  pages   = {1--25},
  url     = {http://jmlr.org/papers/v24/22-1086.html}
}